<?xml version = "1.0" encoding = "UTF-8"?><record>
  <leader>01136nam#a2200301#cc4500</leader>
  <controlfield tag="005">20210409014455.0</controlfield>
  <controlfield tag="007">tu</controlfield>
  <controlfield tag="008">090407|2009####gw############|||#|#ger#c</controlfield>
  <controlfield tag="003">DE-605</controlfield>
  <controlfield tag="001">990174080470206441</controlfield>
  <datafield tag="016" ind1="7" ind2=" ">
    <subfield code="a">1074451278</subfield>
    <subfield code="2">OCoLC</subfield>
  </datafield>
  <datafield tag="035" ind1=" " ind2=" ">
    <subfield code="a">(DE-605)HT015891797</subfield>
  </datafield>
  <datafield tag="040" ind1=" " ind2=" ">
    <subfield code="a">61</subfield>
    <subfield code="b">ger</subfield>
    <subfield code="d">468</subfield>
    <subfield code="e">rakwb</subfield>
  </datafield>
  <datafield tag="041" ind1=" " ind2=" ">
    <subfield code="a">ger</subfield>
  </datafield>
  <datafield tag="044" ind1=" " ind2=" ">
    <subfield code="c">XA-DE</subfield>
  </datafield>
  <datafield tag="084" ind1=" " ind2=" ">
    <subfield code="a">610</subfield>
    <subfield code="2">rpb</subfield>
  </datafield>
  <datafield tag="100" ind1="1" ind2=" ">
    <subfield code="a">Adenauer, Konrad</subfield>
    <subfield code="d">1876-1967</subfield>
    <subfield code="0">(DE-588)11850066X</subfield>
    <subfield code="4">aut</subfield>
    <subfield code="9">O:H</subfield>
    <subfield code="0">(uri) https://portal.dnb.de/opac.htm?method=simpleSearch&amp;cqlMode=true&amp;query=idn=11850066X</subfield>
    <subfield code="0">(uri) http://viaf.org/viaf/sourceID/DNB|11850066X</subfield>
  </datafield>
  <datafield tag="245" ind1="1" ind2="0">
    <subfield code="a">&lt;&lt;Die&gt;&gt; letzten Lebensjahre, 1963 - 1967</subfield>
    <subfield code="b">Briefe und Aufzeichnungen, Gespr&#228;che, Interviews und Reden</subfield>
    <subfield code="n">2</subfield>
    <subfield code="p">September 1965 - April 1967</subfield>
    <subfield code="c">Adenauer. Bearb. von Hans Peter Mensing</subfield>
  </datafield>
  <datafield tag="264" ind1=" " ind2="1">
    <subfield code="a">Paderborn [u.a.]</subfield>
    <subfield code="b">Sch&#246;ningh</subfield>
    <subfield code="c">2009</subfield>
  </datafield>
  <datafield tag="300" ind1=" " ind2=" ">
    <subfield code="a">670 S. : Ill.</subfield>
  </datafield>
  <datafield tag="700" ind1="1" ind2=" ">
    <subfield code="a">Mensing, Hans Peter</subfield>
    <subfield code="d">1942-</subfield>
    <subfield code="0">(DE-588)109702662</subfield>
    <subfield code="4">oth</subfield>
    <subfield code="e">Bearb.</subfield>
    <subfield code="9">O:H</subfield>
    <subfield code="0">(uri) https://portal.dnb.de/opac.htm?method=simpleSearch&amp;cqlMode=true&amp;query=idn=109702662</subfield>
    <subfield code="0">(uri) http://viaf.org/viaf/sourceID/DNB|109702662</subfield>
  </datafield>
  <datafield tag="773" ind1="0" ind2="8">
    <subfield code="w">(DE-605)HT015845132</subfield>
    <subfield code="q">2</subfield>
  </datafield>
  <datafield tag="856" ind1="4" ind2="2">
    <subfield code="m">V:DE-605;X:Imageware</subfield>
    <subfield code="q">application/pdf</subfield>
    <subfield code="u">http://digitale-objekte.hbz-nrw.de/storage2/2018/04/30/file_32/7648695.pdf</subfield>
    <subfield code="3">Inhaltsverzeichnis</subfield>
    <subfield code="9">O:PKN</subfield>
  </datafield>
  <datafield tag="960" ind1="1" ind2=" ">
    <subfield code="n">NWBib-61</subfield>
  </datafield>
  <datafield tag="964" ind1="0" ind2="s">
    <subfield code="F">030</subfield>
    <subfield code="A">a|1uc||||||||</subfield>
  </datafield>
  <datafield tag="964" ind1="0" ind2="s">
    <subfield code="F">050</subfield>
    <subfield code="A">a|||||||||||||</subfield>
  </datafield>
  <datafield tag="035" ind1=" " ind2=" ">
    <subfield code="a">(OCoLC)1074451278</subfield>
    <subfield code="0">(uri) http://www.worldcat.org/oclc/1074451278</subfield>
  </datafield>
  <datafield tag="035" ind1=" " ind2=" ">
    <subfield code="a">(DE-599)HBZHT015891797</subfield>
  </datafield>
  <datafield tag="MBD" ind1=" " ind2=" ">
    <subfield code="M">49HBZ_NETWORK</subfield>
    <subfield code="i">990174080470206441</subfield>
    <subfield code="n">HBZ Network</subfield>
  </datafield>
  <datafield tag="MBD" ind1=" " ind2=" ">
    <subfield code="M">49HBZ_UDE</subfield>
    <subfield code="i">990180701610206446</subfield>
    <subfield code="n">UB Duisburg-Essen</subfield>
  </datafield>
  <datafield tag="100" ind1="1" ind2=" ">
    <subfield code="a">Adenauer, Konrad</subfield>
    <subfield code="d">1876-1967</subfield>
    <subfield code="0">(DE-588)11850066X</subfield>
    <subfield code="4">aut</subfield>
    <subfield code="9">O:H</subfield>
    <subfield code="M">49HBZ_UDE</subfield>
  </datafield>
  <datafield tag="700" ind1="1" ind2=" ">
    <subfield code="a">Mensing, Hans Peter</subfield>
    <subfield code="d">1942-</subfield>
    <subfield code="0">(DE-588)109702662</subfield>
    <subfield code="4">oth</subfield>
    <subfield code="e">Bearb.</subfield>
    <subfield code="9">O:H</subfield>
    <subfield code="M">49HBZ_UDE</subfield>
  </datafield>
  <datafield tag="856" ind1="4" ind2="2">
    <subfield code="m">V:DE-605;X:Imageware</subfield>
    <subfield code="q">application/pdf</subfield>
    <subfield code="u">http://digitale-objekte.hbz-nrw.de/storage2/2018/04/30/file_32/7648695.pdf</subfield>
    <subfield code="3">Inhaltsverzeichnis</subfield>
    <subfield code="9">O:PKN</subfield>
    <subfield code="M">49HBZ_UDE</subfield>
  </datafield>
  <datafield tag="MBD" ind1=" " ind2=" ">
    <subfield code="M">49HBZ_WUP</subfield>
    <subfield code="i">990009816610206447</subfield>
    <subfield code="n">UB Wuppertal</subfield>
  </datafield>
  <datafield tag="100" ind1="1" ind2=" ">
    <subfield code="a">Adenauer, Konrad</subfield>
    <subfield code="d">1876-1967</subfield>
    <subfield code="0">(DE-588)11850066X</subfield>
    <subfield code="4">aut</subfield>
    <subfield code="9">O:H</subfield>
    <subfield code="M">49HBZ_WUP</subfield>
  </datafield>
  <datafield tag="700" ind1="1" ind2=" ">
    <subfield code="a">Mensing, Hans Peter</subfield>
    <subfield code="d">1942-</subfield>
    <subfield code="0">(DE-588)109702662</subfield>
    <subfield code="4">oth</subfield>
    <subfield code="e">Bearb.</subfield>
    <subfield code="9">O:H</subfield>
    <subfield code="M">49HBZ_WUP</subfield>
  </datafield>
  <datafield tag="856" ind1="4" ind2="2">
    <subfield code="m">V:DE-605;X:Imageware</subfield>
    <subfield code="q">application/pdf</subfield>
    <subfield code="u">http://digitale-objekte.hbz-nrw.de/storage2/2018/04/30/file_32/7648695.pdf</subfield>
    <subfield code="3">Inhaltsverzeichnis</subfield>
    <subfield code="9">O:PKN</subfield>
    <subfield code="M">49HBZ_WUP</subfield>
  </datafield>
  <datafield tag="MBD" ind1=" " ind2=" ">
    <subfield code="M">49HBZ_DUE</subfield>
    <subfield code="i">990022267790206443</subfield>
    <subfield code="n">ULB D&#252;sseldorf</subfield>
  </datafield>
  <datafield tag="100" ind1="1" ind2=" ">
    <subfield code="a">Adenauer, Konrad</subfield>
    <subfield code="d">1876-1967</subfield>
    <subfield code="0">(DE-588)11850066X</subfield>
    <subfield code="4">aut</subfield>
    <subfield code="9">O:H</subfield>
    <subfield code="M">49HBZ_DUE</subfield>
  </datafield>
  <datafield tag="700" ind1="1" ind2=" ">
    <subfield code="a">Mensing, Hans Peter</subfield>
    <subfield code="d">1942-</subfield>
    <subfield code="0">(DE-588)109702662</subfield>
    <subfield code="4">oth</subfield>
    <subfield code="e">Bearb.</subfield>
    <subfield code="9">O:H</subfield>
    <subfield code="M">49HBZ_DUE</subfield>
  </datafield>
  <datafield tag="856" ind1="4" ind2="2">
    <subfield code="m">V:DE-605;X:Imageware</subfield>
    <subfield code="q">application/pdf</subfield>
    <subfield code="u">http://digitale-objekte.hbz-nrw.de/storage2/2018/04/30/file_32/7648695.pdf</subfield>
    <subfield code="3">Inhaltsverzeichnis</subfield>
    <subfield code="9">O:PKN</subfield>
    <subfield code="M">49HBZ_DUE</subfield>
  </datafield>
  <datafield tag="MNG" ind1=" " ind2=" ">
    <subfield code="c">System</subfield>
    <subfield code="f">ILS</subfield>
    <subfield code="i">marc21</subfield>
    <subfield code="k">01</subfield>
    <subfield code="e">false</subfield>
    <subfield code="d">2021-07-29 05:23:49 Europe/Berlin</subfield>
    <subfield code="g">017408047-HBZ01</subfield>
    <subfield code="j">60</subfield>
    <subfield code="a">import</subfield>
    <subfield code="b">2021-04-05 19:56:44 Europe/Berlin</subfield>
  </datafield>
  <datafield tag="H52" ind1="8" ind2=" ">
    <subfield code="b">E0001</subfield>
    <subfield code="c">E11</subfield>
    <subfield code="h">LRKA1168-1,10,2</subfield>
    <subfield code="8">22426723400006446</subfield>
  </datafield>
  <datafield tag="HOL" ind1=" " ind2=" ">
    <subfield code="b">2021-04-15 19:05:34</subfield>
    <subfield code="8">22426723400006446</subfield>
    <subfield code="M">49HBZ_UDE</subfield>
    <subfield code="g">false</subfield>
    <subfield code="a">import</subfield>
  </datafield>
  <datafield tag="ITM" ind1=" " ind2=" ">
    <subfield code="H">22426723400006446</subfield>
    <subfield code="x">E11</subfield>
    <subfield code="f">BOOK</subfield>
    <subfield code="v">E11</subfield>
    <subfield code="p">10</subfield>
    <subfield code="X">System</subfield>
    <subfield code="U">2013-10-11 10:59:00</subfield>
    <subfield code="Y">2021-04-20 14:15:54</subfield>
    <subfield code="h">false</subfield>
    <subfield code="n">LRKA1168-1,10,2</subfield>
    <subfield code="P">34</subfield>
    <subfield code="M">49HBZ_UDE</subfield>
    <subfield code="s">1</subfield>
    <subfield code="d">8</subfield>
    <subfield code="V">import</subfield>
    <subfield code="b">DE0122386</subfield>
    <subfield code="N">Z30-PRICE: 0.00</subfield>
    <subfield code="a">23426723390006446</subfield>
    <subfield code="t">8</subfield>
    <subfield code="c">LRKA1168-1,10,2</subfield>
    <subfield code="S">SG-13-3522</subfield>
    <subfield code="B">13/13559</subfield>
    <subfield code="D">20131016</subfield>
    <subfield code="W">2021-04-15 19:05:34</subfield>
    <subfield code="u">E0001</subfield>
    <subfield code="w">E0001</subfield>
  </datafield>
  <datafield tag="H52" ind1=" " ind2=" ">
    <subfield code="b">W0001</subfield>
    <subfield code="c">41</subfield>
    <subfield code="h"></subfield>
    <subfield code="8">22131788870006447</subfield>
  </datafield>
  <datafield tag="HOL" ind1=" " ind2=" ">
    <subfield code="b">2021-04-06 08:13:37</subfield>
    <subfield code="8">22131788870006447</subfield>
    <subfield code="M">49HBZ_WUP</subfield>
    <subfield code="g">false</subfield>
    <subfield code="a">import</subfield>
  </datafield>
  <datafield tag="ITM" ind1=" " ind2=" ">
    <subfield code="H">22131788870006447</subfield>
    <subfield code="x">41</subfield>
    <subfield code="f">BOOK</subfield>
    <subfield code="v">41</subfield>
    <subfield code="p">11</subfield>
    <subfield code="X">System</subfield>
    <subfield code="U">2009-07-30 10:59:00</subfield>
    <subfield code="Y">2021-04-06 08:14:12</subfield>
    <subfield code="h">false</subfield>
    <subfield code="n">OTSA1188-2</subfield>
    <subfield code="M">49HBZ_WUP</subfield>
    <subfield code="s">1</subfield>
    <subfield code="d">#</subfield>
    <subfield code="V">import</subfield>
    <subfield code="b">W00118188</subfield>
    <subfield code="a">23131788860006447</subfield>
    <subfield code="t">8</subfield>
    <subfield code="S">M2009-4672</subfield>
    <subfield code="B">2009/8891</subfield>
    <subfield code="D">20090811</subfield>
    <subfield code="W">2021-04-06 08:13:37</subfield>
    <subfield code="u">W0001</subfield>
    <subfield code="w">W0001</subfield>
  </datafield>
  <datafield tag="H52" ind1="8" ind2=" ">
    <subfield code="b">X0001</subfield>
    <subfield code="c">02P</subfield>
    <subfield code="h">hisi430.a232(2)</subfield>
    <subfield code="8">22257663660006443</subfield>
  </datafield>
  <datafield tag="HOL" ind1=" " ind2=" ">
    <subfield code="b">2021-04-01 09:59:49</subfield>
    <subfield code="8">22257663660006443</subfield>
    <subfield code="M">49HBZ_DUE</subfield>
    <subfield code="g">false</subfield>
    <subfield code="a">import</subfield>
  </datafield>
  <datafield tag="ITM" ind1=" " ind2=" ">
    <subfield code="H">22257663660006443</subfield>
    <subfield code="x">02P</subfield>
    <subfield code="f">BOOK</subfield>
    <subfield code="v">02P</subfield>
    <subfield code="p">32</subfield>
    <subfield code="X">KUHLEWE</subfield>
    <subfield code="U">2009-04-07 10:59:00</subfield>
    <subfield code="Y">2021-05-25 12:56:41</subfield>
    <subfield code="h">false</subfield>
    <subfield code="P">12/d/n/1</subfield>
    <subfield code="M">49HBZ_DUE</subfield>
    <subfield code="s">1</subfield>
    <subfield code="d">8</subfield>
    <subfield code="V">import</subfield>
    <subfield code="b">117390801</subfield>
    <subfield code="a">23257663640006443</subfield>
    <subfield code="c">hisi430.a232(2)</subfield>
    <subfield code="S">ZB4132</subfield>
    <subfield code="D">20090407</subfield>
    <subfield code="W">2021-04-01 09:59:49</subfield>
    <subfield code="u">X0001</subfield>
    <subfield code="w">X0001</subfield>
  </datafield>
  <datafield tag="GSI" ind1="7" ind2=" ">
    <subfield code="a">http://d-nb.info/gnd/109702662</subfield>
    <subfield code="2">uri</subfield>
    <subfield code="A">GND</subfield>
    <subfield code="B">GND-109702662</subfield>
    <subfield code="C">024</subfield>
  </datafield>
  <datafield tag="GPN" ind1="1" ind2=" ">
    <subfield code="a">Adenauer, Konrad Hermann Joseph</subfield>
    <subfield code="d">1876-1967</subfield>
    <subfield code="4">nawi</subfield>
    <subfield code="4">https://d-nb.info/standards/elementset/gnd#realIdentity</subfield>
    <subfield code="w">r</subfield>
    <subfield code="i">Wirklicher Name</subfield>
    <subfield code="e">Wirklicher Name</subfield>
    <subfield code="A">GND</subfield>
    <subfield code="B">GND-11850066X</subfield>
    <subfield code="C">400</subfield>
  </datafield>
  <datafield tag="GPN" ind1="0" ind2=" ">
    <subfield code="a">Adenauer</subfield>
    <subfield code="d">1876-1967</subfield>
    <subfield code="A">GND</subfield>
    <subfield code="B">GND-11850066X</subfield>
    <subfield code="C">400</subfield>
  </datafield>
  <datafield tag="GSI" ind1="7" ind2=" ">
    <subfield code="a">11850066X</subfield>
    <subfield code="0">http://d-nb.info/gnd/11850066X</subfield>
    <subfield code="2">gnd</subfield>
    <subfield code="A">GND</subfield>
    <subfield code="B">GND-11850066X</subfield>
    <subfield code="C">024</subfield>
  </datafield>
  <datafield tag="GSI" ind1="7" ind2=" ">
    <subfield code="a">5140086</subfield>
    <subfield code="2">geprishisp</subfield>
    <subfield code="A">GND</subfield>
    <subfield code="B">GND-11850066X</subfield>
    <subfield code="C">024</subfield>
  </datafield>
</record>